@InProceedings{Fossati07,
  title =       "A Mixed Trigrams Approach for Context Sensitive Spell Checking",
  author =      "Davide Fossati and Barbara Di Eugenio",
  booktitle =   "Computational Linguistics and Intelligent Text Processing",
  year =        "2007",
  volume =      "4394",
  pages =       "623--633",
}
@article{Bassil12,
  title={Parallel Spell-Checking Algorithm Based on Yahoo! N-Grams Dataset},
  author={Bassil, Y.},
  journal={Science},
  volume={3},
  number={1},
  year={2012}
}
@article{norvig09,
  title={Natural language corpus data},
  author={Norvig, P.},
  journal={Beautiful Data},
  pages={219--242},
  year={2009}
}
@article{michel11,
  title={Quantitative analysis of culture using millions of digitized books},
  author={Michel, J.B. and Shen, Y.K. and Aiden, A.P. and Veres, A. and Gray, M.K. and Pickett, J.P. and Hoiberg, D. and Clancy, D. and Norvig, P. and Orwant, J. and others},
  journal={science},
  volume={331},
  number={6014},
  pages={176--182},
  year={2011},
  publisher={American Association for the Advancement of Science}
}
@article{damerau64,
  title={A technique for computer detection and correction of spelling errors},
  author={Damerau, F.J.},
  journal={Communications of the ACM},
  volume={7},
  number={3},
  pages={171--176},
  year={1964},
  publisher={ACM}
}
@article{levenshtein66,
  title={Binary codes capable of correcting deletions, insertions and reversals.},
  author={Levenshtein, V.I.},
  year={1966},
  institution={Technical Report 8},
  journal={Soviet Physice -- Doklady}
}

